%% This BibTeX bibliography file was created using BibDesk.
%% http://bibdesk.sourceforge.net/


%% Created for Lucas Braun at 2015-10-18 16:06:02 +0200 


%% Saved with string encoding Unicode (UTF-8) 



@url{tor-dia,
	Author = {English Wikipedia user HANtwister},
	Date-Added = {2015-10-18 14:05:10 +0000},
	Date-Modified = {2015-10-18 14:05:56 +0000},
	Howpublished = {\url{https://commons.wikimedia.org/wiki/File:Onion_diagram.svg}},
	Title = {Onion diagram}}

@inproceedings{pathlet,
	Acmid = {1592583},
	Address = {New York, NY, USA},
	Author = {Godfrey, P. Brighten and Ganichev, Igor and Shenker, Scott and Stoica, Ion},
	Booktitle = {Proceedings of the ACM SIGCOMM 2009 Conference on Data Communication},
	Date-Added = {2015-10-17 15:49:34 +0000},
	Date-Modified = {2015-10-17 15:49:40 +0000},
	Doi = {10.1145/1592568.1592583},
	Isbn = {978-1-60558-594-9},
	Keywords = {forwarding table, multipath, pathlet, routing, scaling, source routing},
	Location = {Barcelona, Spain},
	Numpages = {12},
	Pages = {111--122},
	Publisher = {ACM},
	Series = {SIGCOMM '09},
	Title = {Pathlet Routing},
	Url = {http://doi.acm.org/10.1145/1592568.1592583},
	Year = {2009},
	Bdsk-Url-1 = {http://doi.acm.org/10.1145/1592568.1592583},
	Bdsk-Url-2 = {http://dx.doi.org/10.1145/1592568.1592583}}

@book{solove,
	Author = {Solove, D.J.},
	Date-Added = {2015-10-16 17:13:04 +0000},
	Date-Modified = {2015-10-16 17:13:09 +0000},
	Isbn = {9780300177251},
	Publisher = {Yale University Press},
	Title = {Nothing to Hide: The False Tradeoff Between Privacy and Security},
	Url = {https://books.google.de/books?id=UUdQi4FxRxAC},
	Year = {2011},
	Bdsk-Url-1 = {https://books.google.de/books?id=UUdQi4FxRxAC}}

@url{hashes,
	Date-Added = {2015-10-16 12:21:02 +0000},
	Date-Modified = {2015-10-16 12:24:48 +0000},
	Howpublished = {\url{https://en.bitcoin.it/wiki/Non-specialized_hardware_comparison#CPUs.2FAPUs}},
	Title = {Non-specialized hardware comparison}}

@inproceedings{lap,
	Acmid = {2310714},
	Address = {Washington, DC, USA},
	Author = {Hsiao, Hsu-Chun and Kim, Tiffany Hyun-Jin and Perrig, Adrian and Yamada, Akira and Nelson, Samuel C. and Gruteser, Marco and Meng, Wei},
	Booktitle = {Proceedings of the 2012 IEEE Symposium on Security and Privacy},
	Date-Added = {2015-10-11 11:12:14 +0000},
	Date-Modified = {2015-10-11 11:12:19 +0000},
	Doi = {10.1109/SP.2012.37},
	Isbn = {978-0-7695-4681-0},
	Keywords = {low-latency anonymous routing, topological anonymity, location privacy},
	Numpages = {15},
	Pages = {506--520},
	Publisher = {IEEE Computer Society},
	Series = {SP '12},
	Title = {LAP: Lightweight Anonymity and Privacy},
	Url = {http://dx.doi.org/10.1109/SP.2012.37},
	Year = {2012},
	Bdsk-Url-1 = {http://dx.doi.org/10.1109/SP.2012.37}}

@inproceedings{blind,
	Author = {Jukka Ylitalo and Pekka Nikander},
	Booktitle = {IN PROC. OF THE TWELFTH INTERNATIONAL WORKSHOP ON SECURITY PROTOCOLS},
	Date-Added = {2015-10-08 10:27:29 +0000},
	Date-Modified = {2015-10-08 10:27:33 +0000},
	Title = {BLIND: A complete identity protection framework for end-points},
	Year = {2004}}

@inproceedings{bootstrapping,
	Acmid = {1972474},
	Address = {Berkeley, CA, USA},
	Author = {Li, Ang and Liu, Xin and Yang, Xiaowei},
	Booktitle = {Proceedings of the 8th USENIX Conference on Networked Systems Design and Implementation},
	Date-Added = {2015-10-08 10:27:12 +0000},
	Date-Modified = {2015-10-08 10:27:41 +0000},
	Location = {Boston, MA},
	Numpages = {14},
	Pages = {155--168},
	Publisher = {USENIX Association},
	Series = {NSDI'11},
	Title = {Bootstrapping Accountability in the Internet We Have},
	Url = {http://dl.acm.org/citation.cfm?id=1972457.1972474},
	Year = {2011},
	Bdsk-Url-1 = {http://dl.acm.org/citation.cfm?id=1972457.1972474}}

@inproceedings{tor,
	Acmid = {2070576},
	Address = {New York, NY, USA},
	Articleno = {14},
	Author = {Liu, Vincent and Han, Seungyeop and Krishnamurthy, Arvind and Anderson, Thomas},
	Booktitle = {Proceedings of the 10th ACM Workshop on Hot Topics in Networks},
	Date-Added = {2015-10-08 10:26:43 +0000},
	Date-Modified = {2015-10-08 10:27:45 +0000},
	Doi = {10.1145/2070562.2070576},
	Isbn = {978-1-4503-1059-8},
	Keywords = {anonymity, privacy, routing},
	Location = {Cambridge, Massachusetts},
	Numpages = {6},
	Pages = {14:1--14:6},
	Publisher = {ACM},
	Series = {HotNets-X},
	Title = {Tor Instead of IP},
	Url = {http://doi.acm.org/10.1145/2070562.2070576},
	Year = {2011},
	Bdsk-Url-1 = {http://doi.acm.org/10.1145/2070562.2070576},
	Bdsk-Url-2 = {http://dx.doi.org/10.1145/2070562.2070576}}

@article{mirkovic,
	Author = {J. Mirkovic and P. Reiher},
	Date-Added = {2015-10-08 10:25:59 +0000},
	Date-Modified = {2015-10-08 10:25:59 +0000},
	Journal = {Secure Network Protocols},
	Title = {Building accountability into the future Internet},
	Volume = {NPSec 2008},
	Year = {2008}}

@article{mot,
	Acmid = {2644146},
	Address = {New York, NY, USA},
	Author = {Bechtold, Stefan and Perrig, Adrian},
	Date-Added = {2015-10-08 10:22:25 +0000},
	Date-Modified = {2015-10-08 10:22:29 +0000},
	Doi = {10.1145/2644146},
	Issn = {0001-0782},
	Issue_Date = {September 2014},
	Journal = {Commun. ACM},
	Month = sep,
	Number = {9},
	Numpages = {3},
	Pages = {21--23},
	Publisher = {ACM},
	Title = {Accountability in Future Internet Architectures},
	Url = {http://doi.acm.org/10.1145/2644146},
	Volume = {57},
	Year = {2014},
	Bdsk-Url-1 = {http://doi.acm.org/10.1145/2644146},
	Bdsk-Url-2 = {http://dx.doi.org/10.1145/2644146}}

@inproceedings{aip,
	Acmid = {1402997},
	Address = {New York, NY, USA},
	Author = {Andersen, David G. and Balakrishnan, Hari and Feamster, Nick and Koponen, Teemu and Moon, Daekyeong and Shenker, Scott},
	Booktitle = {Proceedings of the ACM SIGCOMM 2008 Conference on Data Communication},
	Date-Added = {2015-10-08 10:21:05 +0000},
	Date-Modified = {2015-10-08 10:21:26 +0000},
	Doi = {10.1145/1402958.1402997},
	Isbn = {978-1-60558-175-0},
	Keywords = {accountability, address, internet architecture, scalability, security},
	Location = {Seattle, WA, USA},
	Numpages = {12},
	Pages = {339--350},
	Publisher = {ACM},
	Series = {SIGCOMM '08},
	Title = {Accountable Internet Protocol (Aip)},
	Url = {http://doi.acm.org/10.1145/1402958.1402997},
	Year = {2008},
	Bdsk-Url-1 = {http://doi.acm.org/10.1145/1402958.1402997},
	Bdsk-Url-2 = {http://dx.doi.org/10.1145/1402958.1402997}}

@inproceedings{apip,
	Acmid = {2626306},
	Address = {New York, NY, USA},
	Author = {Naylor, David and Mukerjee, Matthew K. and Steenkiste, Peter},
	Booktitle = {Proceedings of the 2014 ACM Conference on SIGCOMM},
	Date-Added = {2015-10-08 10:20:24 +0000},
	Date-Modified = {2015-10-08 10:21:34 +0000},
	Doi = {10.1145/2619239.2626306},
	Isbn = {978-1-4503-2836-4},
	Keywords = {accountability, privacy, source address},
	Location = {Chicago, Illinois, USA},
	Numpages = {12},
	Pages = {75--86},
	Publisher = {ACM},
	Series = {SIGCOMM '14},
	Title = {Balancing Accountability and Privacy in the Network},
	Url = {http://doi.acm.org/10.1145/2619239.2626306},
	Year = {2014},
	Bdsk-Url-1 = {http://doi.acm.org/10.1145/2619239.2626306},
	Bdsk-Url-2 = {http://dx.doi.org/10.1145/2619239.2626306}}
	
@inproceedings {tor-weak,
	author = {Albert Kwon and Mashael AlSabah and David Lazar and Marc Dacier and Srinivas Devadas},
	title = {Circuit Fingerprinting Attacks: Passive Deanonymization of Tor Hidden Services},
	booktitle = {24th USENIX Security Symposium (USENIX Security 15)},
	year = {2015},
	month = Aug,
	isbn = {978-1-931971-232},
	address = {Washington, D.C.},
	pages = {287--302},
	url = {https://www.usenix.org/conference/usenixsecurity15/technical-sessions/presentation/kwon},
	publisher = {USENIX Association},}
	
@inproceedings{nat,
	 author = {Naylor, David and Steenkiste, Peter},
	 title = {Do You Know Where Your Headers Are? Comparing the Privacy of Network Architectures with Share Count Analysis},
	 booktitle = {Proceedings of the 14th ACM Workshop on Hot Topics in Networks},
	 series = {HotNets-XIV},
	 year = {2015},
	 isbn = {978-1-4503-4047-2},
	 location = {Philadelphia, PA, USA},
	 pages = {4:1--4:7},
	 articleno = {4},
	 numpages = {7},
	 url = {http://doi.acm.org/10.1145/2834050.2834104},
	 doi = {10.1145/2834050.2834104},
	 acmid = {2834104},
	 publisher = {ACM},
	 address = {New York, NY, USA},
	 keywords = {anonymity, anonymity metrics, privacy},} 
